<?xml version="1.0" encoding="UTF-8"?><collection xmlns="http://www.loc.gov/MARC21/slim"><record><leader>00366nam--2200133-i-4500</leader><controlfield tag="001">000002936</controlfield><controlfield tag="002">20161230</controlfield><controlfield tag="005">20170305223714</controlfield><controlfield tag="008">060222s1000------------r-----000-0-eng-d</controlfield><datafield ind1=" " ind2=" " tag="245"><subfield code="a">Philips lehrbriefe, verfasst von Gustav Buscher</subfield></datafield><datafield ind1=" " ind2=" " tag="260"><subfield code="a">Hamburg</subfield><subfield code="b">Deutsche Philips Gmbh</subfield><subfield code="c">1954</subfield></datafield><datafield ind1=" " ind2=" " tag="300"><subfield code="a">II + 512 p. Cu Fig</subfield></datafield><datafield ind1=" " ind2=" " tag="700"><subfield code="a">Buscher, G</subfield></datafield><datafield ind1=" " ind2=" " tag="CAT"><subfield code="a">SYS</subfield><subfield code="c">20170305</subfield><subfield code="h">223714</subfield></datafield></record></collection>